<record><leader>00000cas a22000007a 4500</leader><controlfield tag="001">42644298</controlfield><controlfield tag="008">991015d18851889fludn n       0   a0eng c</controlfield><datafield ind1=" " ind2=" " tag="010"><subfield code="a">  2005214868</subfield></datafield><datafield ind1=" " ind2=" " tag="040"><subfield code="a">FNP</subfield><subfield code="b">eng</subfield><subfield code="c">FNP</subfield><subfield code="d">OCLCQ</subfield><subfield code="d">NSD</subfield><subfield code="d">OCLCQ</subfield><subfield code="d">OCLCF</subfield><subfield code="d">OCLCO</subfield></datafield><datafield ind1="0" ind2=" " tag="022"><subfield code="a">1556-2611</subfield><subfield code="l">1556-2611</subfield><subfield code="2">1</subfield></datafield><datafield ind1="1" ind2=" " tag="029"><subfield code="a">AU@</subfield><subfield code="b">000027250294</subfield></datafield><datafield ind1=" " ind2=" " tag="042"><subfield code="a">nsdp</subfield><subfield code="a">pcc</subfield></datafield><datafield ind1=" " ind2=" " tag="043"><subfield code="a">n-us-fl</subfield></datafield><datafield ind1="1" ind2="0" tag="050"><subfield code="a">ISSN RECORD</subfield></datafield><datafield ind1="1" ind2="0" tag="082"><subfield code="a">051</subfield></datafield><datafield ind1=" " ind2="0" tag="222"><subfield code="a">Illustrated hotel news</subfield></datafield><datafield ind1="0" ind2="0" tag="245"><subfield code="a">Illustrated hotel news.</subfield></datafield><datafield ind1="3" ind2=" " tag="246"><subfield code="a">Hotel news</subfield></datafield><datafield ind1="1" ind2=" " tag="246"><subfield code="i">Nos. for 1888 issued under title:</subfield><subfield code="a">Daily hotel news</subfield></datafield><datafield ind1=" " ind2=" " tag="260"><subfield code="a">Jacksonville, Fla. :</subfield><subfield code="b">Chas. W. DaCosta</subfield></datafield><datafield ind1=" " ind2=" " tag="300"><subfield code="a">v. :</subfield><subfield code="b">ill. ;</subfield><subfield code="c">53 cm.</subfield></datafield><datafield ind1=" " ind2=" " tag="310"><subfield code="a">Daily, except Monday, Jan 1st-May 1st.</subfield></datafield><datafield ind1=" " ind2=" " tag="500"><subfield code="a">Issued 1885?-1889?</subfield></datafield><datafield ind1=" " ind2=" " tag="500"><subfield code="a">"A morning journal devoted to the hotel interests of Florida ... The official hotel paper of Florida ... on file in all hotels in Florida."</subfield></datafield><datafield ind1=" " ind2=" " tag="588"><subfield code="a">Description based on v. 3, no. 85 (Sunday, Apr. 8, 1888)--and on Servies, J.A. Bibliography of Florida.</subfield></datafield><datafield ind1=" " ind2="0" tag="650"><subfield code="a">American newspapers</subfield><subfield code="z">Florida</subfield><subfield code="z">Jacksonville.</subfield></datafield><datafield ind1=" " ind2="0" tag="651"><subfield code="a">Jacksonville (Fla.)</subfield><subfield code="v">Newspapers.</subfield></datafield><datafield ind1=" " ind2="0" tag="650"><subfield code="a">Tourism</subfield><subfield code="z">Florida</subfield><subfield code="v">Newspapers.</subfield></datafield><datafield ind1=" " ind2="0" tag="650"><subfield code="a">Hotels</subfield><subfield code="z">Florida</subfield><subfield code="v">Newspapers.</subfield></datafield><datafield ind1=" " ind2="7" tag="655"><subfield code="a">Newspapers.</subfield><subfield code="2">fast</subfield><subfield code="0">(OCoLC)fst01423814</subfield></datafield><datafield ind1=" " ind2="7" tag="650"><subfield code="a">American newspapers.</subfield><subfield code="2">fast</subfield><subfield code="0">(OCoLC)fst00807293</subfield></datafield><datafield ind1=" " ind2="7" tag="650"><subfield code="a">Hotels.</subfield><subfield code="2">fast</subfield><subfield code="0">(OCoLC)fst00961767</subfield></datafield><datafield ind1=" " ind2="7" tag="650"><subfield code="a">Tourism.</subfield><subfield code="2">fast</subfield><subfield code="0">(OCoLC)fst01153142</subfield></datafield><datafield ind1=" " ind2="7" tag="651"><subfield code="a">Florida.</subfield><subfield code="2">fast</subfield><subfield code="0">(OCoLC)fst01205150</subfield></datafield><datafield ind1=" " ind2="7" tag="651"><subfield code="a">Florida</subfield><subfield code="z">Jacksonville.</subfield><subfield code="2">fast</subfield><subfield code="0">(OCoLC)fst01205259</subfield></datafield></record>